<mx:record xmlns="http://www.w3.org/TR/xhtml1/strict" xmlns:mx="http://www.loc.gov/MARC21/slim" xmlns:xsi="http://www.w3.org/2001/XMLSchema-instance"><mx:leader>00000cz   2200000n  0000</mx:leader><mx:controlfield tag="001">oca01549342 </mx:controlfield><mx:controlfield tag="005">20071026152430.0</mx:controlfield><mx:controlfield tag="008">860331n| acannaabn          |a aaa     c</mx:controlfield><mx:datafield ind1=" " ind2=" " tag="010"><mx:subfield code="a">n  85310974</mx:subfield></mx:datafield><mx:datafield ind1=" " ind2=" " tag="040"><mx:subfield code="a">InU</mx:subfield><mx:subfield code="c">DLC</mx:subfield><mx:subfield code="d">DLC</mx:subfield></mx:datafield><mx:datafield ind1="0" ind2=" " tag="100"><mx:subfield code="a">Colluthus,</mx:subfield><mx:subfield code="c">of Lycopolis</mx:subfield></mx:datafield><mx:datafield ind1="0" ind2=" " tag="400"><mx:subfield code="a">Coluthus,</mx:subfield><mx:subfield code="c">of Lycopolis</mx:subfield></mx:datafield><mx:datafield ind1="0" ind2=" " tag="400"><mx:subfield code="a">Kollouthos,</mx:subfield><mx:subfield code="c">ho Lykopolitēs</mx:subfield></mx:datafield><mx:datafield ind1="1" ind2=" " tag="400"><mx:subfield code="a">Lycopolis, Colluthus of</mx:subfield></mx:datafield><mx:datafield ind1="0" ind2=" " tag="400"><mx:subfield code="a">Colutus,</mx:subfield><mx:subfield code="c">Thebanus</mx:subfield></mx:datafield><mx:datafield ind1="1" ind2=" " tag="400"><mx:subfield code="a">Thebanus, Colutus</mx:subfield></mx:datafield><mx:datafield ind1="0" ind2=" " tag="400"><mx:subfield code="a">Coluto,</mx:subfield><mx:subfield code="c">Tebano</mx:subfield></mx:datafield><mx:datafield ind1="1" ind2=" " tag="400"><mx:subfield code="a">Tebano, Coluto</mx:subfield></mx:datafield><mx:datafield ind1=" " ind2=" " tag="670"><mx:subfield code="a">His Colluthi Lycopolitani Carmen de raptu Helenae, 1880.</mx:subfield></mx:datafield><mx:datafield ind1=" " ind2=" " tag="670"><mx:subfield code="a">Encyc. Brit.</mx:subfield><mx:subfield code="b">(Colluthus of Lycopolis, fl. ca. 500; Greek epic poet)</mx:subfield></mx:datafield><mx:datafield ind1=" " ind2=" " tag="670"><mx:subfield code="a">Lemprière&amp;#039;s classical dict.</mx:subfield><mx:subfield code="b">(Coluthus; native of Lycopolis in Egypt)</mx:subfield></mx:datafield><mx:datafield ind1=" " ind2=" " tag="670"><mx:subfield code="a">LC data base, 3/10/86</mx:subfield><mx:subfield code="b">(hdg.: Colluthus)</mx:subfield></mx:datafield><mx:datafield ind1=" " ind2=" " tag="670"><mx:subfield code="a">Oxford class. dict.</mx:subfield><mx:subfield code="b">(Colluthus, epic poet from Lycopolis)</mx:subfield></mx:datafield><mx:datafield ind1=" " ind2=" " tag="670"><mx:subfield code="a">Papyros-Larous.</mx:subfield><mx:subfield code="b">(Kollouthos ho Lykopolitēs)</mx:subfield></mx:datafield><mx:datafield ind1=" " ind2=" " tag="670"><mx:subfield code="a">Quintus, Smyrnaeus. Quinti Calabri Derelictorum ab Homero libri quatuordecim, 1541:</mx:subfield><mx:subfield code="b">t.p. (Coluti Thebani ...)</mx:subfield></mx:datafield><mx:datafield ind1=" " ind2=" " tag="670"><mx:subfield code="a">Il rapimento di Elena di Coluto Tebano, 1837.</mx:subfield></mx:datafield><mx:datafield ind1=" " ind2=" " tag="675"><mx:subfield code="a">Encycl. Amer.;</mx:subfield><mx:subfield code="a">Collier&amp;#039;s.</mx:subfield></mx:datafield><mx:datafield ind1=" " ind2=" " tag="999"><mx:subfield code="a">6875</mx:subfield></mx:datafield></mx:record>